@techreport{states_centers,
  institution = {United States Census Bureau},
  title = {Centers of Population},
  year = {2021},
  url = {https://www.census.gov/geographies/reference-files/time-series/geo/centers-population.html},
}

@book{ballou,
  author = {Ronald H. Ballou},
  editor = {John (J.M.) Rose},
  publisher = {Transportation Research Part A: Policy and Practice},
  title = {Selected country circuity factors for road travel distance estimation},
  year = {2002},
  pages = {843-848},
}